@misc{Sandorobotics_74LS157,
  author       = {Sandorobotics},
  title        = {Multiplexor de 2 Entradas — SN74LS157},
  howpublished = {\url{https://sandorobotics.com.mx/producto/74ls157/}},
  note         = {Consulta realizada el 15 de septiembre de 2025},
  year         = {2025}
}

@misc{Components101_SPDT,
  author       = {Components101},
  title        = {SPDT Toggle Switch: Pinout, Connections, How to Use It \& Datasheet},
  howpublished = {\url{https://components101.com/switches/spdt-toggle-switch}},
  note         = {Consulta realizada el 15 de septiembre de 2025},
  year         = {2018}
}

@misc{XLITX_5621BS,
  author       = {XLITX Technology},
  title        = {5621BS - 0.56-inch Red 2-Digit CA LED 7-Segment Display},
  howpublished = {\url{https://www.xlitx.com/datasheet/5621BS.pdf}},
  note         = {Accedido: 15 de septiembre de 2025},
  year         = {2025}
}

@misc{TI_SN74LS47,
  author       = {Texas Instruments},
  title        = {BCD-to-Seven-Segment Decoders/Drivers},
  howpublished = {\url{https://www.ti.com/lit/ds/symlink/sn54ls47.pdf}},
  note         = {Accedido: 15 de septiembre de 2025},
  year         = {1988}
}

@misc{makordoba2025circuitoH,
  author       = {Pablo ELECTRUM},
  title        = {Como Hacer Paso a Paso El Circuito En H 2N2222},
  year         = {2022},
  url          = {https://youtu.be/yFp99i73eUo?si=9DmchkxhehvdZjCE},
}

@misc{micropython2025registro,
  author       = {Sam},
  title        = {Cómo usar un Registro de desplazamiento en Micropython},
  year         = {2023},
  url          = {https://youtu.be/8It1oVU2BDs?si=GrXqI11ZBulBUgcq},
}

@misc{JafetDM2025_proyecto1,
  author       = {JafetDM},
  title        = {diaz\_jafet\_FAC\_proyecto1},
  year         = {2025},
  howpublished = {\url{https://github.com/JafetDM/diaz_jafet_FAC_proyecto1}},
  note         = {Repositorio GitHub, accesado: 2025-09-30}
}
